<record><leader>00000cas a2200000 i 4500</leader><controlfield tag="001">15638330</controlfield><controlfield tag="008">870506d18951899iaucr ne      0    0eng c</controlfield><datafield ind1=" " ind2=" " tag="010"><subfield code="a">sn 87058193 </subfield></datafield><datafield ind1=" " ind2=" " tag="040"><subfield code="a">INP</subfield><subfield code="b">eng</subfield><subfield code="e">rda</subfield><subfield code="c">INP</subfield><subfield code="d">OCLCQ</subfield><subfield code="d">IUL</subfield><subfield code="d">OCLCF</subfield></datafield><datafield ind1=" " ind2=" " tag="042"><subfield code="a">pcc</subfield></datafield><datafield ind1=" " ind2=" " tag="043"><subfield code="a">n-us-ia</subfield></datafield><datafield ind1="0" ind2=" " tag="130"><subfield code="a">Davenport weekly Republican (Davenport, Iowa : 1895)</subfield></datafield><datafield ind1="1" ind2="0" tag="245"><subfield code="a">Davenport weekly Republican.</subfield></datafield><datafield ind1="1" ind2="3" tag="246"><subfield code="a">Davenport Republican</subfield></datafield><datafield ind1="1" ind2="3" tag="246"><subfield code="a">Davenport Republican tribune</subfield></datafield><datafield ind1=" " ind2="1" tag="264"><subfield code="a">Davenport, Iowa :</subfield><subfield code="b">Tri-City Publishing Co.,</subfield><subfield code="c">-1899.</subfield></datafield><datafield ind1=" " ind2=" " tag="300"><subfield code="a">volumes</subfield></datafield><datafield ind1=" " ind2=" " tag="310"><subfield code="a">Semiweekly,</subfield><subfield code="b">&lt;Feb. 7&gt;-June 30, 1899</subfield></datafield><datafield ind1=" " ind2=" " tag="321"><subfield code="a">Weekly,</subfield><subfield code="b">&lt;Oct. 1895-1898&gt;</subfield></datafield><datafield ind1=" " ind2=" " tag="336"><subfield code="a">text</subfield><subfield code="b">txt</subfield><subfield code="2">rdacontent</subfield></datafield><datafield ind1=" " ind2=" " tag="337"><subfield code="a">unmediated</subfield><subfield code="b">n</subfield><subfield code="2">rdamedia</subfield></datafield><datafield ind1=" " ind2=" " tag="338"><subfield code="a">volume</subfield><subfield code="b">nc</subfield><subfield code="2">rdacarrier</subfield></datafield><datafield ind1="1" ind2=" " tag="362"><subfield code="a">Began in Sept. 1895?</subfield></datafield><datafield ind1="0" ind2=" " tag="362"><subfield code="a">-12th year, no. 66 (June 30, 1899).</subfield></datafield><datafield ind1=" " ind2=" " tag="500"><subfield code="a">Publisher varies.</subfield></datafield><datafield ind1=" " ind2=" " tag="515"><subfield code="a">Issues for &lt;Jan. 4&gt;-June 30, 1899, called &lt;12th year, no. 20&gt;-66.</subfield></datafield><datafield ind1=" " ind2=" " tag="588"><subfield code="a">Description based on: Tenth year, no. 36 (April 7, 1897); title from masthead, Goodgle News Archive (viewed September 25, 2017).</subfield></datafield><datafield ind1=" " ind2="0" tag="651"><subfield code="a">Davenport (Iowa)</subfield><subfield code="v">Newspapers.</subfield></datafield><datafield ind1=" " ind2="0" tag="651"><subfield code="a">Scott County (Iowa)</subfield><subfield code="v">Newspapers.</subfield></datafield><datafield ind1=" " ind2="7" tag="651"><subfield code="a">Iowa</subfield><subfield code="z">Davenport.</subfield><subfield code="2">fast</subfield><subfield code="0">(OCoLC)fst01207492</subfield></datafield><datafield ind1=" " ind2="7" tag="651"><subfield code="a">Iowa</subfield><subfield code="z">Scott County.</subfield><subfield code="2">fast</subfield><subfield code="0">(OCoLC)fst01212225</subfield></datafield><datafield ind1=" " ind2="7" tag="655"><subfield code="a">Newspapers.</subfield><subfield code="2">fast</subfield><subfield code="0">(OCoLC)fst01423814</subfield></datafield><datafield ind1=" " ind2=" " tag="752"><subfield code="a">United States</subfield><subfield code="b">Iowa</subfield><subfield code="c">Scott</subfield><subfield code="d">Davenport.</subfield></datafield><datafield ind1="0" ind2=" " tag="775"><subfield code="t">Davenport daily Republican tribune</subfield><subfield code="g">&lt;Oct. 3&gt;-15, 1895</subfield><subfield code="w">(DLC)sn 87058187</subfield><subfield code="w">(OCoLC)15634848</subfield></datafield><datafield ind1="0" ind2=" " tag="775"><subfield code="t">Davenport daily Republican</subfield><subfield code="g">Oct. 16, 1895-1899</subfield><subfield code="w">(DLC)sn 88059246</subfield><subfield code="w">(OCoLC)18757206</subfield></datafield><datafield ind1="0" ind2="0" tag="780"><subfield code="t">Davenport weekly tribune (Davenport, Iowa : 1894)</subfield><subfield code="w">(DLC)sn 87058192</subfield><subfield code="w">(OCoLC)15638260</subfield></datafield><datafield ind1="0" ind2="0" tag="785"><subfield code="t">Davenport semi-weekly Republican</subfield><subfield code="w">(DLC)sn 87058189</subfield><subfield code="w">(OCoLC)15638143</subfield></datafield><datafield ind1="4" ind2="1" tag="856"><subfield code="u">http://news.google.com/newspapers?nid=n94QCav8jycC</subfield></datafield></record>